@book{vershynin2018high,
  title={High-dimensional probability: An introduction with applications in data science},
  author={Vershynin, Roman},
  volume={47},
  year={2018},
  publisher={Cambridge University Press}
}

@BOOK{Vaart1996-zl,
  title     = "Weak Convergence and Empirical Processes: With Applications to
               Statistics",
  author    = "Vaart, Aad W van der and Wellner, Jon A",
  publisher = "Springer, New York, NY",
  year      =  1996
}

@incollection{trop15,
  title={Convex recovery of a structured signal from independent random linear measurements},
  author={Tropp, Joel A},
  booktitle={Sampling Theory, a Renaissance},
  pages={67--101},
  year={2015},
  publisher={Springer}
}

@article{oyrs15,
  title={Sharp time--data tradeoffs for linear inverse problems},
  author={Oymak, Samet and Recht, Benjamin and Soltanolkotabi, Mahdi},
  journal={IEEE Transactions on Information Theory},
  volume={64},
  number={6},
  pages={4129--4158},
  year={2017},
  publisher={IEEE}
}

@BOOK{Ledoux1991-ix,
  title     = "Probability in Banach Spaces: Isoperimetry and Processes",
  author    = "Ledoux, Michel and Talagrand, Michel",
  publisher = "Springer, Berlin, Heidelberg",
  year      =  1991
}

@inproceedings{banerjee14,
	Author = {Banerjee, A. and Chen, S. and Fazayeli, F. and Sivakumar, V.},
	Booktitle = {Advances in {Neural} {Information} {Processing} {Systems} },
	Pages = {1556--1564},
	Title = {Estimation with {Norm} {Regularization}},
	Year = {2014}}
	
@book{boucheron13,
	Author = {Boucheron, Stephane and Lugosi, Gabor and Massart, Pascal},
	Publisher = {Oxford University Press},
	Title = {Concentration {Inequalities}: {A} {Nonasymptotic} {Theory} of {Independence}},
	Year = {2013}}

@inproceedings{guba16,
  title={High Dimensional Structured Superposition Models},
  author={Gu, Q. and Banerjee, A.},
  booktitle={Advances In Neural Information Processing Systems},
  pages={3684--3692},
  year={2016}
}
	
	
	