
@ARTICLE{Asiaee2018-eg,
  title         = "High Dimensional Data Enrichment: Interpretable, Fast, and
                   {Data-Efficient}",
  author        = "Asiaee, Amir and Oymak, Samet and Coombes, Kevin R and
                   Banerjee, Arindam",
  month         =  jun,
  year          =  2018,
  archivePrefix = "arXiv",
  primaryClass  = "stat.ML",
  eprint        = "1806.04047"
}


@ARTICLE{Chen2015-fj,
  title     = "Data enriched linear regression",
  author    = "Chen, Aiyou and Owen, Art B and Shi, Minghui",
  journal   = "Electronic journal of statistics",
  publisher = "The Institute of Mathematical Statistics and the Bernoulli
               Society",
  volume    =  9,
  number    =  1,
  pages     = "1078--1112",
  year      =  2015,
  language  = "en"
}



@ARTICLE{Gong2012-zb,
  title    = "Robust {Multi-Task} Feature Learning",
  author   = "Gong, Pinghua and Ye, Jieping and Zhang, Changshui",
  journal  = "KDD: proceedings / International Conference on Knowledge
              Discovery \& Data Mining. International Conference on Knowledge
              Discovery \& Data Mining",
  volume   =  2012,
  pages    = "895--903",
  month    =  aug,
  year     =  2012,
  language = "en"
}

@INPROCEEDINGS{Chen2011-fn,
  title     = "Integrating Low-rank and Group-sparse Structures for Robust
               Multi-task Learning",
  booktitle = "Proceedings of the 17th {ACM} {SIGKDD} International Conference
               on Knowledge Discovery and Data Mining",
  author    = "Chen, Jianhui and Zhou, Jiayu and Ye, Jieping",
  publisher = "ACM",
  pages     = "42--50",
  series    = "KDD '11",
  year      =  2011,
  address   = "New York, NY, USA",
  location  = "San Diego, California, USA"
}


@ARTICLE{Chen2012-fb,
  title    = "Learning Incoherent Sparse and {Low-Rank} Patterns from Multiple
              Tasks",
  author   = "Chen, Jianhui and Liu, Ji and Ye, Jieping",
  journal  = "ACM transactions on knowledge discovery from data",
  volume   =  5,
  number   =  4,
  pages    = "22",
  month    =  feb,
  year     =  2012,
  language = "en"
}


@ARTICLE{Han2015-rr,
  title     = "Learning multi-level task groups in multi-task learning",
  author    = "Han, L and Zhang, Y",
  journal   = "Twenty-Ninth AAAI Conference on Artificial Intelligence",
  publisher = "aaai.org",
  year      =  2015
}




@ARTICLE{Zhang2017-rm,
  title         = "A Survey on {Multi-Task} Learning",
  author        = "Zhang, Yu and Yang, Qiang",
  month         =  jul,
  year          =  2017,
  archivePrefix = "arXiv",
  primaryClass  = "cs.LG",
  eprint        = "1707.08114"
}

@article{friedman2008sparse,
  title={Sparse inverse covariance estimation with the graphical lasso},
  author={Friedman, Jerome and Hastie, Trevor and Tibshirani, Robert},
  journal={Biostatistics},
  volume={9},
  number={3},
  pages={432--441},
  year={2008},
  publisher={Oxford University Press}
}
@article{recht2010guaranteed,
  title={Guaranteed minimum-rank solutions of linear matrix equations via nuclear norm minimization},
  author={Recht, Benjamin and Fazel, Maryam and Parrilo, Pablo A},
  journal={SIAM review},
  volume={52},
  number={3},
  pages={471--501},
  year={2010},
  publisher={SIAM}
}
@article{candes2010power,
  title={The power of convex relaxation: Near-optimal matrix completion},
  author={Cand{\`e}s, Emmanuel J and Tao, Terence},
  journal={IEEE Transactions on Information Theory},
  volume={56},
  number={5},
  pages={2053--2080},
  year={2010},
  publisher={IEEE}
}
@article{tibshirani1996regression,
  title={Regression shrinkage and selection via the lasso},
  author={Tibshirani, Robert},
  journal={Journal of the Royal Statistical Society. Series B (Methodological)},
  pages={267--288},
  year={1996},
  publisher={JSTOR}
}
@article{rigby2005generalized,
  title={Generalized additive models for location, scale and shape},
  author={Rigby, Robert A and Stasinopoulos, D Mikis},
  journal={Journal of the Royal Statistical Society: Series C (Applied Statistics)},
  volume={54},
  number={3},
  pages={507--554},
  year={2005},
  publisher={Wiley Online Library}
}
@incollection{hastie2017generalized,
  title={Generalized additive models},
  author={Hastie, Trevor J},
  booktitle={Statistical models in S},
  pages={249--307},
  year={2017},
  publisher={Routledge}
}
@article{negahban2012restricted,
  title={Restricted strong convexity and weighted matrix completion: Optimal bounds with noise},
  author={Negahban, Sahand and Wainwright, Martin J},
  journal={Journal of Machine Learning Research},
  volume={13},
  number={May},
  pages={1665--1697},
  year={2012}
}
@inproceedings{jain2013low,
  title={Low-rank matrix completion using alternating minimization},
  author={Jain, Prateek and Netrapalli, Praneeth and Sanghavi, Sujay},
  booktitle={Proceedings of the forty-fifth annual ACM symposium on Theory of computing},
  pages={665--674},
  year={2013},
  organization={ACM}
}
@article{blumensath2009iterative,
  title={Iterative hard thresholding for compressed sensing},
  author={Blumensath, Thomas and Davies, Mike E},
  journal={Applied and computational harmonic analysis},
  volume={27},
  number={3},
  pages={265--274},
  year={2009},
  publisher={Elsevier}
}
@inproceedings{boufounos20081,
  title={1-bit compressive sensing},
  author={Boufounos, Petros T and Baraniuk, Richard G},
  booktitle={Information Sciences and Systems, 2008. CISS 2008. 42nd Annual Conference on},
  pages={16--21},
  year={2008},
  organization={IEEE}
}
@article{plan2017high,
  title={High-dimensional estimation with geometric constraints},
  author={Plan, Yaniv and Vershynin, Roman and Yudovina, Elena},
  journal={Information and Inference: A Journal of the IMA},
  volume={6},
  number={1},
  pages={1--40},
  year={2017},
  publisher={Oxford University Press}
}
@article{bach2012optimization,
  title={Optimization with sparsity-inducing penalties},
  author={Bach, Francis and Jenatton, Rodolphe and Mairal, Julien and Obozinski, Guillaume and others},
  journal={Foundations and Trends{\textregistered} in Machine Learning},
  volume={4},
  number={1},
  pages={1--106},
  year={2012},
  publisher={Now Publishers, Inc.}
}
@inproceedings{negahban2009unified,
  title={A unified framework for high-dimensional analysis of $ M $-estimators with decomposable regularizers},
  author={Negahban, Sahand and Yu, Bin and Wainwright, Martin J and Ravikumar, Pradeep K},
  booktitle={Advances in Neural Information Processing Systems},
  pages={1348--1356},
  year={2009}
}
@article{candes2009exact,
  title={Exact matrix completion via convex optimization},
  author={Cand{\`e}s, Emmanuel J and Recht, Benjamin},
  journal={Foundations of Computational mathematics},
  volume={9},
  number={6},
  pages={717},
  year={2009},
  publisher={Springer}
}
@article{candes2006robust,
  title={Robust uncertainty principles: Exact signal reconstruction from highly incomplete frequency information},
  author={Cand{\`e}s, Emmanuel J and Romberg, Justin and Tao, Terence},
  journal={IEEE Transactions on information theory},
  volume={52},
  number={2},
  pages={489--509},
  year={2006},
  publisher={IEEE}
}
@article{donoho2006compressed,
  title={Compressed sensing},
  author={Donoho, David L},
  journal={IEEE Transactions on information theory},
  volume={52},
  number={4},
  pages={1289--1306},
  year={2006},
  publisher={IEEE}
}

@article{bickel2009simultaneous,
  title={Simultaneous analysis of Lasso and Dantzig selector},
  author={Bickel, Peter J and Ritov, Yaacov and Tsybakov, Alexandre B and others},
  journal={The Annals of Statistics},
  volume={37},
  number={4},
  pages={1705--1732},
  year={2009},
  publisher={Institute of Mathematical Statistics}
}

@inproceedings{chatterjee2014generalized,
  title={Generalized dantzig selector: Application to the k-support norm},
  author={Chatterjee, Soumyadeep and Chen, Sheng and Banerjee, Arindam},
  booktitle={Advances in Neural Information Processing Systems},
  pages={1934--1942},
  year={2014}
}

@article{candes2007dantzig,
  title={The Dantzig selector: Statistical estimation when p is much larger than n},
  author={Candes, Emmanuel and Tao, Terence and others},
  journal={The Annals of Statistics},
  volume={35},
  number={6},
  pages={2313--2351},
  year={2007},
  publisher={Institute of Mathematical Statistics}
}

@book{vershynin2018high,
  title={High-dimensional probability: An introduction with applications in data science},
  author={Vershynin, Roman},
  volume={47},
  year={2018},
  publisher={Cambridge University Press}
}

@article{iorio2016landscape1,
  title={A landscape of pharmacogenomic interactions in cancer},
  author={Iorio, Francesco and Knijnenburg, Theo A and Vis, Daniel J and Bignell, Graham R and Menden, Michael P and Schubert, Michael and Aben, Nanne and Goncalves, Emanuel and Barthorpe, Syd and Lightfoot, Howard and others},
  journal={Cell},
  volume={166},
  number={3},
  pages={740--754},
  year={2016},
  publisher={Elsevier}
}

@article{tibs96,
  title={Regression shrinkage and selection via the lasso},
  author={Tibshirani, Robert},
  journal={Journal of the Royal Statistical Society. Series B (Methodological)},
  pages={267--288},
  year={1996},
  publisher={JSTOR}
}

@article{domu16,
  title={High-dimensional regression over disease subgroups},
  author={Dondelinger, F. and Mukherjee, S.},
  journal={arXiv preprint arXiv:1611.00953},
  year={2016}
}

@article{grti16,
  title={Data Shared Lasso: A novel tool to discover uplift},
  author={Gross, S. M. and Tibshirani, R.},
  journal={Computational Statistics \& Data Analysis},
  volume={101},
  pages={226--235},
  year={2016},
  publisher={Elsevier}
}

@inproceedings{banerjee14,
	Author = {Banerjee, A. and Chen, S. and Fazayeli, F. and Sivakumar, V.},
	Booktitle = {Advances in {Neural} {Information} {Processing} {Systems} },
	Pages = {1556--1564},
	Title = {Estimation with {Norm} {Regularization}},
	Year = {2014}}

	
@article{barretina2012cancer,
  title={The Cancer Cell Line Encyclopedia enables predictive modelling of anticancer drug sensitivity},
  author={Barretina, Jordi and Caponigro, Giordano and Stransky, Nicolas and Venkatesan, Kavitha and Margolin, Adam A and Kim, Sungjoon and Wilson, Christopher J and Leh{\'a}r, Joseph and Kryukov, Gregory V and Sonkin, Dmitriy and others},
  journal={Nature},
  volume={483},
  number={7391},
  pages={603},
  year={2012},
}

@book{boucheron13,
	Author = {Boucheron, Stephane and Lugosi, Gabor and Massart, Pascal},
	Publisher = {Oxford University Press},
	Title = {Concentration {Inequalities}: {A} {Nonasymptotic} {Theory} of {Independence}},
	Year = {2013}}
	
@article{venkat12,
	Author = {Chandrasekaran, V. and Recht, B. and Parrilo, P. A. and Willsky, A. S.},
	Journal = {Foundations of Computational Mathematics},
	Number = {6},
	Pages = {805--849},
	Publisher = {Springer},
	Title = {The convex geometry of linear inverse problems},
	Volume = {12},
	Year = {2012}}

@article{chen09toppgene,
  title={ToppGene Suite for gene list enrichment analysis and candidate gene prioritization},
  author={Chen, Jing and Bardes, Eric E and Aronow, Bruce J and Jegga, Anil G},
  journal={Nucleic acids research},
  volume={37},
  number={suppl\_2},
  pages={W305--W311},
  year={2009},
  publisher={Oxford University Press}
}
@inproceedings{jrsr10,
author = {Jalali, A. and Ravikumar, P. and Sanghavi, S. and Ruan, C.},
booktitle = {Advances in Neural Information Processing Systems},
title = {{A Dirty Model for Multi-task Learning}},
pages={964--972},
  year={2010}
}
@article{mctr13,
  title={The achievable performance of convex demixing},
  author={McCoy, Michael B and Tropp, Joel A},
  journal={arXiv preprint arXiv:1309.7478},
  year={2013}
}



@article{nrwy12,
author = {Negahban, S. N. and Ravikumar, P. and Wainwright, M. J. and Yu, B.},
file = {:C$\backslash$:/Users/ganes/OneDrive/Documents/Mendeley Desktop/Negahban et al. - 2012 - A Unified Framework for High-Dimensional Analysis of {\$}M{\$}-Estimators with Decomposable Regularizers.pdf:pdf},
issn = {0883-4237},
journal = {Statistical Science},
number = {4},
pages = {538--557},
title = {{A Unified Framework for High-Dimensional Analysis of {\$}M{\$}-Estimators with Decomposable Regularizers}},
volume = {27},
year = {2012}
}

@article{olvi14,
  title={Joint estimation of $ K $ related regression models with simple $ L\_1 $-norm penalties},
  author={Ollier, E. and Viallon, V.},
  journal={arXiv preprint arXiv:1411.1594},
  year={2014}
}

@article{olvi15,
  title={Regression modeling on stratified data with the lasso},
  author={Ollier, E. and Viallon, V.},
  journal={arXiv preprint arXiv:1508.05476},
  year={2015}
}

@article{raskutti10,
	Author = {Raskutti, G. and Wainwright, M. J. and Yu, B.},
	Journal = {Journal of Machine Learning Research},
	Pages = {2241--2259},
	Title = {Restricted eigenvalue properties for correlated Gaussian designs},
	Volume = {11},
	Year = {2010}}
	
@article{ruzh13,
author = {Rudelson, M. and Zhou, S.},
file = {:C$\backslash$:/Users/ganes/OneDrive/Documents/Mendeley Desktop/Rudelson, Zhou - 2013 - Reconstruction from anisotropic random measurements.pdf:pdf},
journal = {IEEE Transactions on Information Theory},
number = {6},
pages = {3434--3447},
title = {{Reconstruction from anisotropic random measurements}},
volume = {59},
year = {2013}
}

@incollection{trop15,
archivePrefix = {arXiv},
arxivId = {1405.1102},
author = {Tropp, Joel A.},
booktitle = {Sampling Theory - a Renaissance},
eprint = {1405.1102},
file = {:C$\backslash$:/Users/ganes/OneDrive/Documents/Mendeley Desktop/Tropp - 2015 - Convex recovery of a structured signal from independent random linear measurements.pdf:pdf},
month = {may},
publisher = {To appear},
title = {{Convex recovery of a structured signal from independent random linear measurements}},
year = {2015}
}
@incollection{vers12,
author = {Vershynin, R.},
booktitle = {Compressed Sensing},
pages = {210--268},
publisher = {Cambridge University Press, Cambridge},
title = {{Introduction to the non-asymptotic analysis of random matrices}},
year = {2012}
}
@inproceedings{yara13,
  title={Dirty statistical models},
  author={Yang, E. and Ravikumar, P.},
  booktitle={Advances in Neural Information Processing Systems},
  pages={611--619},
  year={2013}
}

@article{zoha05,
author = {Zou, H. and Hastie, T.},
file = {:C$\backslash$:/Users/ganes/OneDrive/Documents/Mendeley Desktop/Zou, Hastie - 2005 - Regularization and Variable Selection via the Elastic Net.pdf:pdf},
issn = {1369-7412},
journal = {Journal of the Royal Statistical Society},
keywords = {grouping effect,lars algorithm,lasso,p,penalization},
number = {2},
pages = {301--320},
series = {Series B (Statistical Methodology)},
title = {{Regularization and Variable Selection via the Elastic Net}},
volume = {67},
year = {2005}
}


@article{oyrs15,
  title={Sharp Time--Data Tradeoffs for Linear Inverse Problems},
  author={Oymak, S. and Recht, B. and Soltanolkotabi, M.},
  journal={arXiv preprint arXiv:1507.04793},
  year={2015}
}

@inproceedings{mend15,
author = {Mendelson, Shahar},
booktitle = {Journal of the ACM (JACM)},
file = {:C$\backslash$:/Users/ganes/OneDrive/Documents/Mendeley Desktop/Mendelson - 2014 - Learning Without Concentration.pdf:pdf},
publisher = {To appear},
title = {{Learning Without Concentration}},
year = {2014}
}


@inproceedings{guba16,
  title={High Dimensional Structured Superposition Models},
  author={Gu, Q. and Banerjee, A.},
  booktitle={Advances In Neural Information Processing Systems},
  pages={3684--3692},
  year={2016}
}

	





