@article{domu16,
  title={High-dimensional regression over disease subgroups},
  author={Dondelinger, F. and Mukherjee, S.},
  journal={arXiv preprint arXiv:1611.00953},
  year={2016}
}

@article{grti16,
  title={Data Shared Lasso: A novel tool to discover uplift},
  author={Gross, S. M. and Tibshirani, R.},
  journal={Computational Statistics \& Data Analysis},
  volume={101},
  pages={226--235},
  year={2016},
  publisher={Elsevier}
}

@inproceedings{banerjee14,
	Author = {Banerjee, A. and Chen, S. and Fazayeli, F. and Sivakumar, V.},
	Booktitle = {Advances in {Neural} {Information} {Processing} {Systems} },
	Pages = {1556--1564},
	Title = {Estimation with {Norm} {Regularization}},
	Year = {2014}}

	
@article{barretina2012cancer,
  title={The Cancer Cell Line Encyclopedia enables predictive modelling of anticancer drug sensitivity},
  author={Barretina, Jordi and Caponigro, Giordano and Stransky, Nicolas and Venkatesan, Kavitha and Margolin, Adam A and Kim, Sungjoon and Wilson, Christopher J and Leh{\'a}r, Joseph and Kryukov, Gregory V and Sonkin, Dmitriy and others},
  journal={Nature},
  volume={483},
  number={7391},
  pages={603},
  year={2012},
}

@book{boucheron13,
	Author = {Boucheron, Stephane and Lugosi, Gabor and Massart, Pascal},
	Publisher = {Oxford University Press},
	Title = {Concentration {Inequalities}: {A} {Nonasymptotic} {Theory} of {Independence}},
	Year = {2013}}
	
@article{venkat12,
	Author = {Chandrasekaran, V. and Recht, B. and Parrilo, P. A. and Willsky, A. S.},
	Journal = {Foundations of Computational Mathematics},
	Number = {6},
	Pages = {805--849},
	Publisher = {Springer},
	Title = {The convex geometry of linear inverse problems},
	Volume = {12},
	Year = {2012}}

@article{chen09toppgene,
  title={ToppGene Suite for gene list enrichment analysis and candidate gene prioritization},
  author={Chen, Jing and Bardes, Eric E and Aronow, Bruce J and Jegga, Anil G},
  journal={Nucleic acids research},
  volume={37},
  number={suppl\_2},
  pages={W305--W311},
  year={2009},
  publisher={Oxford University Press}
}
@inproceedings{jrsr10,
author = {Jalali, A. and Ravikumar, P. and Sanghavi, S. and Ruan, C.},
booktitle = {Advances in Neural Information Processing Systems},
title = {{A Dirty Model for Multi-task Learning}},
pages={964--972},
  year={2010}
}
@article{mctr13,
  title={The achievable performance of convex demixing},
  author={McCoy, Michael B and Tropp, Joel A},
  journal={arXiv preprint arXiv:1309.7478},
  year={2013}
}



@article{nrwy12,
author = {Negahban, S. N. and Ravikumar, P. and Wainwright, M. J. and Yu, B.},
file = {:C$\backslash$:/Users/ganes/OneDrive/Documents/Mendeley Desktop/Negahban et al. - 2012 - A Unified Framework for High-Dimensional Analysis of {\$}M{\$}-Estimators with Decomposable Regularizers.pdf:pdf},
issn = {0883-4237},
journal = {Statistical Science},
number = {4},
pages = {538--557},
title = {{A Unified Framework for High-Dimensional Analysis of {\$}M{\$}-Estimators with Decomposable Regularizers}},
volume = {27},
year = {2012}
}

@article{olvi14,
  title={Joint estimation of $ K $ related regression models with simple $ L\_1 $-norm penalties},
  author={Ollier, E. and Viallon, V.},
  journal={arXiv preprint arXiv:1411.1594},
  year={2014}
}

@article{olvi15,
  title={Regression modeling on stratified data with the lasso},
  author={Ollier, E. and Viallon, V.},
  journal={arXiv preprint arXiv:1508.05476},
  year={2015}
}

@article{raskutti10,
	Author = {Raskutti, G. and Wainwright, M. J. and Yu, B.},
	Journal = {Journal of Machine Learning Research},
	Pages = {2241--2259},
	Title = {Restricted eigenvalue properties for correlated Gaussian designs},
	Volume = {11},
	Year = {2010}}
	
@article{ruzh13,
author = {Rudelson, M. and Zhou, S.},
file = {:C$\backslash$:/Users/ganes/OneDrive/Documents/Mendeley Desktop/Rudelson, Zhou - 2013 - Reconstruction from anisotropic random measurements.pdf:pdf},
journal = {IEEE Transactions on Information Theory},
number = {6},
pages = {3434--3447},
title = {{Reconstruction from anisotropic random measurements}},
volume = {59},
year = {2013}
}

@incollection{trop15,
archivePrefix = {arXiv},
arxivId = {1405.1102},
author = {Tropp, Joel A.},
booktitle = {Sampling Theory - a Renaissance},
eprint = {1405.1102},
file = {:C$\backslash$:/Users/ganes/OneDrive/Documents/Mendeley Desktop/Tropp - 2015 - Convex recovery of a structured signal from independent random linear measurements.pdf:pdf},
month = {may},
publisher = {To appear},
title = {{Convex recovery of a structured signal from independent random linear measurements}},
year = {2015}
}
@incollection{vers12,
author = {Vershynin, R.},
booktitle = {Compressed Sensing},
pages = {210--268},
publisher = {Cambridge University Press, Cambridge},
title = {{Introduction to the non-asymptotic analysis of random matrices}},
year = {2012}
}
@inproceedings{yara13,
  title={Dirty statistical models},
  author={Yang, E. and Ravikumar, P.},
  booktitle={Advances in Neural Information Processing Systems},
  pages={611--619},
  year={2013}
}

@article{zoha05,
author = {Zou, H. and Hastie, T.},
file = {:C$\backslash$:/Users/ganes/OneDrive/Documents/Mendeley Desktop/Zou, Hastie - 2005 - Regularization and Variable Selection via the Elastic Net.pdf:pdf},
issn = {1369-7412},
journal = {Journal of the Royal Statistical Society},
keywords = {grouping effect,lars algorithm,lasso,p,penalization},
number = {2},
pages = {301--320},
series = {Series B (Statistical Methodology)},
title = {{Regularization and Variable Selection via the Elastic Net}},
volume = {67},
year = {2005}
}


@article{oyrs15,
  title={Sharp Time--Data Tradeoffs for Linear Inverse Problems},
  author={Oymak, S. and Recht, B. and Soltanolkotabi, M.},
  journal={arXiv preprint arXiv:1507.04793},
  year={2015}
}

@inproceedings{mend15,
author = {Mendelson, Shahar},
booktitle = {Journal of the ACM (JACM)},
file = {:C$\backslash$:/Users/ganes/OneDrive/Documents/Mendeley Desktop/Mendelson - 2014 - Learning Without Concentration.pdf:pdf},
publisher = {To appear},
title = {{Learning Without Concentration}},
year = {2014}
}


@inproceedings{guba16,
  title={High Dimensional Structured Superposition Models},
  author={Gu, Q. and Banerjee, A.},
  booktitle={Advances In Neural Information Processing Systems},
  pages={3684--3692},
  year={2016}
}

	





